@techreport{Kragic2002TechRep,
  author =        {Kragic, D. and Christensen, H. I.},
  number =        {ISRN KTH/NA/P-02/01-SE},
  organization =  {Royal Inst. Techol.},
  title =         {Survey on visual servoing for manipulation},
  year =          {2002},
  address =       {Stockholm, Sweden}
}

@article{Grimson1984JRR,
  author =        {Grimson, W. E. L. and Lozano-Perez, T.},
  journal =       {J. Robot. Res.},
  volume =        {3},
  number =        {3},
  pages =         {3--35},
  title =         {Model-based recognition and localization from sparse range or tactile data},
  year =          {1984}
}

@inproceedings{Faugeras1983IJCAI,
  author =        {Faugeras, O. and Hebert, M.},
  booktitle =     {Proc. 8th Int. Joint Conf. Artif. Intell.},
  title =         {A 3-d recognition and positioning algorithm using geometrical matching between primitive surfaces},
  pages =         {996--1002},
  year =          {1983}
}

@inproceedings{Shekhar1986ICRA,
  author =        {Shekhar, S. and Khatib, O. and Shimojo, M.},
  booktitle =     {IEEE International Conference on Robotics and
                   Automation},
  title =         {Sensor fusion and object localization},
  pages =         {1623--1628},
  year =          {1986}
}

@inproceedings{Roberts1990ICRA,
  author =        {Roberts, K.},
  booktitle =     {IEEE International Conference on Robotics and
                   Automation},
  title =         {Robot active touch exploration: constraints and strategies},
  pages =         {980--985},
  year =          {1990}
}

@inproceedings{Caselli1996ICRA,
  author =        {Caselli, S. and Magnanini, C. and Zanichelli, F. and Caraffi, E.},
  booktitle =     {IEEE International Conference on Robotics and
                   Automation},
  title =         {Efficient exploration and recognition of convex objects based on haptic perception},
  pages =         {3508--3513},
  year =          {1996}
}

@inbook{Moll2003STAR,
  author =        {Moll, M. and Erdmann, M. A.},
  series =        {Springer Tracts in Advanced Robotics},
  editor =        {Springer Verlag},
  title =         {Reconstructing the Shape and Motion of Unknown Objects with Active Tactile Sensors},
  chapter =       {17},
  pages =         {293--310},
  year =          {2003}
}
