%% This BibTeX bibliography file was created using BibDesk.
%% http://bibdesk.sourceforge.net/

%% Created for Jeremy Wyatt at 2017-11-17 18:28:34 +0000 


@article{martinez17,
	Author = {U. Martinez-Hernandez and T.J. Dodd and M.H. Evans and T.J. Prescott and N.F. Lepora},
	Journal = {Robotics and Autonomous Systems},
	Pages = {15-27},
	Publisher = {Elsevier},
	Title = {Active sensorimotor control for tactile exploration},
	Volume = {87},
	Year = {2017}}


@article{lepora17,
        Author={N.F. Lepora and K. Aquilina and L. Cramphorn},
        Journal={IEEE Robotics and Automation Letters},
        Volume={2},
        Issue={2},
        Pages={1156-1163},
        Title={Exploratory tactile servoing with active touch},
        Year={2017}
}

%% Saved with string encoding Unicode (UTF-8) 

@inproceedings{matsubaru2016,
	Author = {T. Matsubara and K. Shibata and K. Sugimoto},
	Booktitle = {IEEE International Conference on Advanced Intelligent Mechatronics (AIM)},
	doi = {10.1109/AIM.2016.7576919},
	Title = {Active Touch Point Selection with Travel Cost in Tactile Exploration for Fast Shape Estimation of Unknown Objects},
	Year = {2016}
}


@inproceedings{yi2016,
	Author = {Z. Yi and R. Calandra and  F. Veiga and  H. van Hoof and  T. Hermans and Y. Zhang and J. Peters},
	Booktitle = {IEEE/RSJ International Conference on Intelligent Robots and Systems (IROS)},
	Date-Added = {2017-11-17 18:27:26 +0000},
	Date-Modified = {2017-11-17 18:28:34 +0000},
	Pages = {4925-4930.},
	Title = {Active tactile object exploration with Gaussian processes},
	Year = {2016}}

@inproceedings{jamali2016,
	Author = { N. Jamali and  C. Ciliberto and L. Rosasco and  L. Natale},
	Booktitle = {IEEE-RAS 16th International Conference on Humanoid Robots (Humanoids)},
	Date-Added = {2017-11-17 18:25:45 +0000},
	Date-Modified = {2017-11-17 18:27:15 +0000},
	Pages = {179-185},
	Title = {Active perception: Building objects' models using tactile exploration},
	Year = {2016}}

@inproceedings{Ottenhaus16,
	Author = { S. Ottenhaus and  M. Miller  and  D. Schiebener and  N. Vahrenkamp and Tamim Asfour},
	Date-Added = {2017-11-17 18:25:00 +0000},
	Date-Modified = {2017-11-17 18:25:26 +0000},
	Title = {Local Implicit Surface Estimation for Haptic Exploration},
        Booktitle={IEEE Humanoids},
        Doi={10.1109/HUMANOIDS.2016.7803372},
        Year={2016}}

@inproceedings{Tosi14,
	Author = {N. Tosi and  O. David and  H. Bruyninckx},
	Date-Added = {2017-11-17 18:24:40 +0000},
	Date-Modified = {2017-11-17 18:24:51 +0000},
	Title = {Action Selection for Touch-based Localisation Trading Off Information Gain and Execution Time},
        Booktitle={IEEE International Conference on Robotics and Automation (ICRA 2014)},
        Doi={10.1109/ICRA.2014.6907173},
        Year={2014}}


@article{kootstra2012a,
	Author = {Kootstra, G. and Popovi, M. and J{\o}rgensen, J. and Kuklinski, K. and Miatliuk, K. and Kragic, D. and Kruger, N. and },
	Date-Added = {2014-11-12 13:57:26 +0000},
	Date-Modified = {2014-11-12 13:57:38 +0000},
	Journal = {The International Journal of Robotics Research},
	Pages = {26-42},
	Title = {Enabling grasping of unknown objects through a synergistic use of edge and surface information},
	Volume = {34},
	Year = {2012}}

@article{nunez2013models,
	Author = {J. Nunez-Varela and J.L. Wyatt},
	Journal = {ACM Transactions on Applied Perception (TAP)},
	Number = {4},
	Pages = {20},
	Publisher = {ACM},
	Title = {Models of gaze control for manipulation tasks},
	Volume = {10},
	Year = {2013}}

@inproceedings{jentoft2014a,
	Author = {L.P. Jentoft and Q. Wan and R.D. Howe},
	Booktitle = {{IEEE} International Conference on Robotics and Automation},
	Date-Added = {2014-10-02 15:42:17 +0000},
	Date-Modified = {2014-10-02 15:42:59 +0000},
	Title = {Limits to Compliance and the Role of Tactile Sensing in Grasping},
	Year = {2014}}

@inproceedings{Arruda16,
	Author = {E. Arruda and J.L. Wyatt and M. Kopicki},
	Booktitle = {IEEE/RSJ International Conference on Intelligent Robots and Systems (IROS)},
	Doi = {10.1109/IROS.2016.7759446},
	Pages = {2881-2888},
	Title = {Active vision for dexterous grasping of novel objects},
	Year = {2016},
	Bdsk-Url-1 = {http://dx.doi.org/10.1109/IROS.2016.7759446}}

@inproceedings{zito2013sequential,
	Author = {C. Zito and M. Kopicki and C. Borst and F. Schmidt and M. Roa and J.L. Wyatt},
	Booktitle = {Intelligent Robots and Systems (IROS), 2013 IEEE/RSJ International Conference on},
	Organization = {IEEE},
	Pages = {4013--4020},
	Title = {Sequential trajectory re-planning with tactile information gain for dexterous grasping under object-pose uncertainty},
	Year = {2013}}

@article{Atanasov_TRO14,
	Author = {N. Atanasov and B. Sankaran and J. {Le Ny} and G. Pappas and K. Daniilidis},
	Journal = {IEEE Trans. on Robotics},
	Number = {5},
	Pages = {1078-1090},
	Title = {{Nonmyopic View Planning for Active Object Classification and Pose Estimation}},
	Url = {http://dx.doi.org/10.1109/TRO.2014.2320795},
	Volume = {30},
	Year = {2014},
	Bdsk-Url-1 = {http://dx.doi.org/10.1109/TRO.2014.2320795}}

@article{johansson92,
	Author = {R.J. Johansson and K.J. Cole},
	Journal = {Current Opinion in Neurobiology},
	Pages = {815-823},
	Title = {Sensory-motor coordination during grasping and manipulative actions},
	Volume = {2},
	Year = {1992}}

@article{kopicki2015ijrr,
	Author = {M. Kopicki and R. Detry and M. Adjigble  and A. Leonardis and J.L. Wyatt},
	Journal = {The International Journal of Robotics Research},
	Pages = {0278364915594244},
	Publisher = {SAGE Publications},
	Title = {One-shot learning and generation of dexterous grasps for novel objects},
	Year = {2015}}

@techreport{Bajcsy1989Machine,
	Author = {R. Bajcsy and S. Lederman and R.L. Klatzky},
	Number = {MS-CIS-89-03},
	Organization = {MOORE SCHOOL OF ELECTRICAL ENGINEERING PHILADELPHIA PA DEPT OF COMPUTER AND INFORMATION SCIENCES},
	Title = {Machine Systems for Exploration and Manipulation a Conceptual Framework and Method of Evaluation},
	Year = {1989}}

@article{Bajcsy1988Active,
	Author = {R. Bajcsy},
	Journal = {Proceedings of the IEEE},
	Number = {8},
	Pages = {966--1005},
	Publisher = {IEEE},
	Title = {Active perception},
	Volume = {76},
	Year = {1988}}

@article{Petrovskaya2011Global,
	Author = {A. Petrovskaya and O. Khatib},
	Institution = {Comput. Sci. Dept., Stanford Univ., Stanford, CA, USA},
	Issn = {1941-0468},
	Journal = {IEEE Transactions on Robotics},
	Month = jun,
	Number = {3},
	Pages = {569--585},
	Publisher = {IEEE},
	Title = {Global Localization of Objects via Touch},
	Volume = {27},
	Year = {2011}}

@article{Prescott2011Active,
	Author = {T.J. Prescott, and M. Diamond and A.M. Wing},
	Issn = {1471-2970},
	Journal = {Philosophical transactions of the Royal Society of London. Series B, Biological sciences},
	Month = nov,
	Number = {1581},
	Pages = {2989--2995},
	Title = {Active touch sensing.},
	Volume = {366},
	Year = {2011}}

@inproceedings{Hebert2013Next,
	Author = {P. Hebert and T. Howard and N. Hudson and J. Ma and J. Burdickand W. Joel},
	Booktitle = {IEEE International Conference on Robotics and Automation},
	Pages = {99--106},
	Publisher = {IEEE},
	Title = {The next best touch for model-based localization},
	Year = {2013}}

@article{Zhang2004Review,
	Author = {D. Zhang and G. Lu},
	Issn = {00313203},
	Journal = {Pattern Recognition},
	Month = jan,
	Number = {1},
	Pages = {1--19},
	Title = {Review of shape representation and description techniques},
	Volume = {37},
	Year = {2004}}

@inproceedings{Bjorkman2013Enhancing,
	Author = {M. Bjorkman and Y. Bekiroglu and V. Hogman and D.Kragic},
	Booktitle = {IEEE/RSJ International Conference on Intelligent Robots and Systems},
	Institution = {Centre for Autonomous Syst. \& the Comput. Vision \& Active Perception Lab., KTH R. Inst. of Technol., Stockholm, Sweden},
	Issn = {2153-0858},
	Month = nov,
	Pages = {3180--3186},
	Title = {Enhancing visual perception of shape through tactile glances},
	Year = {2013}}

@article{Belongie2002Shape,
	Address = {Washington, DC, USA},
	Author = {S. Belongie and J. Malik and J. Puzicha},
	Booktitle = {Pattern Analysis and Machine Intelligence, IEEE Transactions on},
	Institution = {Dept. of Comput. Sci. \& Eng., California Univ., San Diego, La Jolla, CA, USA},
	Issn = {0162-8828},
	Journal = {IEEE Transactions on Pattern Analysis and Machine Intelligence},
	Month = apr,
	Number = {4},
	Pages = {509--522},
	Title = {Shape matching and object recognition using shape contexts},
	Volume = {24},
	Year = {2002}}

@inproceedings{Allen1987Robotic,
	Author = {P.K. Allen and R. Bajcsy},
	Booktitle = {Proceedings of the 9th International Joint Conference on Artificial Intelligence},
	Pages = {1131--1137},
	Title = {Robotic Object Recognition Using Vision and Touch},
	Year = {1987}}

@inproceedings{Williams2007Gaussian,
	Author = {O. Williams and A. Fitzgibbon},
	Booktitle = {PASCAL - Pattern Analysis, Statistical Modelling and Computational Learning - Gaussian Processes in Practice Workshop},
	Institution = {Microsoft Research},
	Title = {Gaussian Process Implicit Surfaces},
	Year = {2007}}

@inproceedings{Dragiev2013Uncertainty,
	Author = {S. Dragiev and M. Toussaint and M. Gienger},
	Booktitle = {IEEE International Conference on Robotics and Automation},
	Institution = {CoR-Lab., Bielefeld, Germany},
	Isbn = {978-1-4673-5641-1},
	Issn = {1050-4729},
	Month = may,
	Pages = {113--119},
	Title = {Uncertainty aware grasping and tactile exploration},
	Year = {2013}}

@inproceedings{Bierbaum2008Potential,
	Author = {A. Bierbaum and M. Rambow and T. Asfour and R. Dillmann},
	Booktitle = {8th IEEE-RAS International Conference on Humanoid Robots},
	Pages = {360--366},
	Title = {A potential field approach to dexterous tactile exploration of unknown objects},
	Year = {2008}}

@inproceedings{Sommer2014Bimanual,
	Author = {N. Sommer and M. Li and A. Billard},
	Booktitle = {IEEE International Conference on Robotics and Automation},
	Pages = {6400--6407},
	Publisher = {IEEE},
	Title = {Bimanual compliant tactile exploration for grasping unknown objects},
	Year = {2014}}

@inproceedings{Mahler2015Grasp,
	Author = {J. Mahler and S. Patil and B. Kehoe and J. van den Berg and M. Ciocarlie and P. Abbeel and K. Goldberg},
	Booktitle = {2015 IEEE International Conference on Robotics and Automation},
	Institution = {Dept. of EECS, Univ. of California, Berkeley, Berkeley, CA, USA},
	Month = may,
	Pages = {4919--4926},
	Publisher = {IEEE},
	Title = {{GP}-{GPIS}-{OPT}: Grasp planning with shape uncertainty using Gaussian process implicit surfaces and Sequential Convex Programming},
	Year = {2015}}

@inproceedings{Rosales2014Active,
	Author = {C. Rosales and A. Ajoudani and M. Gabiccini and A. Bicchi},
	Booktitle = {2014 IEEE/RSJ International Conference on Intelligent Robots and Systems},
	Institution = {Centro di Ricerca E. Piaggio, Univ. di Pisa, Italy},
	Isbn = {978-1-4799-6934-0},
	Month = sep,
	Pages = {3982--3987},
	Title = {Active gathering of frictional properties from objects},
	Year = {2014}}

@inproceedings{Dragiev2011Gaussian,
	Author = {S. Dragiev and M. Toussaint and M. Gienger},
	Booktitle = {Proceedings of the IEEE International Conference on Robotics and Automation},
	Institution = {Machine Learning Group, Tech. Univ. Berlin, Berlin, Germany},
	Isbn = {978-1-61284-386-5},
	Issn = {1050-4729},
	Month = may,
	Pages = {2845--2850},
	Title = {Gaussian process implicit surfaces for shape estimation and grasping},
	Year = {2011}}

@book{Rasmussen2006Gaussian,
	Author = {C. Rasmussen and C. Williams},
	Howpublished = {www.gaussianprocess.org/gpml/},
	Isbn = {0-262-18253-X},
	Publisher = {The MIT Press},
	Title = {Gaussian Processes for Machine Learning},
	Year = {2006}}

@misc{Calandra2014Manifold,
	Author = {R. Calandra and J. Peters and C. Rasmussen and M. Deisenroth},
	Month = may,
	Title = {Manifold Gaussian Processes for Regression},
	Url = {http://arxiv.org/abs/1402.5876},
	Year = {2014},
	Bdsk-Url-1 = {http://arxiv.org/abs/1402.5876}}

@article{LaValle2011Motion,
	Author = {LaValle, S. M.},
	Issn = {1070-9932},
	Journal = {IEEE Robotics \& Automation Magazine},
	Month = mar,
	Number = {1},
	Pages = {79--89},
	Title = {Motion Planning},
	Volume = {18},
	Year = {2011}}

@techreport{Henderson1993COMPUTING,
	Author = {Henderson, M. E.},
	Institution = {T. J. Watson Research Center, IBM Research Division},
	Number = {18777},
	Title = {COMPUTING IMPLICITLY DEFINED SURFACES: TWO PARAMETER CONTINUATION},
	Year = {1993}}

@article{Jaillet2013Path,
	Author = {Jaillet, L. and Porta, J. M.},
	Institution = {Inst. de Robot. i Inf. Ind., UPC, Barcelona, Spain},
	Issn = {1552-3098},
	Journal = {IEEE Transactions on Robotics},
	Month = feb,
	Number = {1},
	Pages = {105--117},
	Publisher = {IEEE},
	Title = {Path Planning Under Kinematic Constraints by Rapidly Exploring Manifolds},
	Volume = {29},
	Year = {2013}}

@inproceedings{Zhu2009Nonrigid,
	Author = {Zhu, J. and Hoi, S.C.H. and Lyu, M.R.},
	Booktitle = {IEEE Conference on Computer Vision and Pattern Recognition},
	Institution = {ETH Zurich, Zurich, Switzerland},
	Isbn = {978-1-4244-3992-8},
	Issn = {1063-6919},
	Month = jun,
	Pages = {1319--1326},
	Title = {Nonrigid shape recovery by Gaussian process regression},
	Year = {2009}}

@article{Li2016Dexterous,
	Author = {Li, M. and Hang, K. and Kragic, D. and Billard, A.},
	Journal = {Robotics and Autonomous Systems},
	Title = {Dexterous grasping under shape uncertainty},
	Volume = {75},
	Year = {2016}}

@misc{TabletopObjectDetector,
	Author = {Muja, M. and Ciocarlie, M.},
	Title = {Tabletop Object Perception {ROS} package},
	Url = {http://www.github.com/ros-interactive-manipulation/ tabletop\_object\_perception, last commit on Mar 19, 2014},
	Year = {2014},
	Bdsk-Url-1 = {http://www.github.com/ros-interactive-manipulation/%20tabletop%5C_object%5C_perception,%20last%20commit%20on%20Mar%2019,%202014}}

@article{Allen1990Acquisition,
	Author = {Allen, P.K. and Michelman, P.},
	Journal = {IEEE Transactions on Robotics and Automation},
	Number = {4},
	Pages = {397--404},
	Title = {Acquisition and interpretation of {3-D} sensor data from touch},
	Volume = {6},
	Year = {1990}}

@inproceedings{Faria2010Probabilistic,
	Author = {Faria, D.R. and Martins, R. and Lobo, J. and Dias, J.},
	Booktitle = {IEEE/RSJ International Conference on Intelligent Robots and Systems},
	Pages = {1560--1565},
	Publisher = {IEEE},
	Title = {Probabilistic representation of {3D} object shape by in-hand exploration},
	Year = {2010}}

@article{Meier2011Probabilistic,
	Author = {Meier, M. and Schopfer, M. and Haschke, R. and Ritter, H.},
	Journal = {IEEE Transactions on Robotics},
	Number = {3},
	Pages = {630--635},
	Title = {A Probabilistic Approach to Tactile Shape Reconstruction},
	Volume = {27},
	Year = {2011}}

@inproceedings{Hudson2012Endtoend,
	Author = {Hudson, N. and Howard, T. and Ma, J. and Jain, A. and Bajracharya, M. and Myint, S. and Kuo, C. and Matthies, L. and Backes, P. and Hebert, P. and Fuchs, T. and Burdick, J.},
	Booktitle = {IEEE International Conference on Robotics and Automation},
	Pages = {2371--2378},
	Title = {End-to-end dexterous manipulation with deliberate interactive estimation},
	Year = {2012}}

@inproceedings{Santaera2015Lowcost,
	Author = {Santaera, G. and Luberto, E. and Serio, A. and Gabiccini, M. and Bicchi, A.},
	Booktitle = {IEEE International Conference on Robotics and Automation},
	Pages = {2728--2735},
	Title = {Low-cost, fast and accurate reconstruction of robotic and human postures via {IMU} measurements},
	Year = {2015}}

@article{Catalano2014Adaptive,
	Author = {Catalano, M. G. and Grioli, G. and Farnioli, E. and Serio, A. and Piazza, C. and Bicchi, A.},
	Journal = {The International Journal of Robotics Research},
	Number = {5},
	Pages = {768--782},
	Title = {Adaptive synergies for the design and control of the {Pisa/IIT} {SoftHand}},
	Volume = {33},
	Year = {2014}}

@article{Porta2014CuikSuite,
	Author = {Porta, J. and Ros, L. and Bohigas, O. and Manubens, M. and Rosales, C. and Jaillet, L.},
	Journal = {IEEE Robotics \&amp; Automation Magazine},
	Number = {3},
	Pages = {105--114},
	Title = {The {CUIK} Suite: Analyzing the Motion {Closed-Chain} Multibody Systems},
	Volume = {21},
	Year = {2014}}

@article{Bicchi1993Contact,
	Author = {Bicchi, A. and Salisbury, J.K. and Brock, D.L.},
	Journal = {The International Journal of Robotics Research},
	Number = {3},
	Pages = {249--262},
	Title = {Contact Sensing from Force Measurements},
	Volume = {12},
	Year = {1993}}

@incollection{Solak2003Derivative,
	Author = {E. Solak and R. Murray-Smith and W. E. Leithead and D. J. Leith and Carl E. Rasmussen},
	Booktitle = {Advances in Neural Information Processing Systems 15},
	Editor = {S. Becker and S. Thrun and K. Obermayer},
	Pages = {1057--1064},
	Title = {Derivative Observations in Gaussian Process Models of Dynamic Systems},
	Year = {2003}}

@conference{ROS,
	Author = {M. Quigley and K. Conley and B.P. Gerkey and J. Faust and T. Foote and J. Leibs and R. Wheeler and A. Y. Ng},
	Booktitle = {ICRA Workshop on Open Source Software},
	Title = {{ROS: an open-source Robot Operating System}},
	Year = {2009}}
